@article{Kim-IEEE2013,
  added-at = {2013-02-18T00:00:00.000+0100},
  author = {Kim, Hyojoon and Feamster, Nick},
  ee = {http://dx.doi.org/10.1109/MCOM.2013.6461195},
  journal = {IEEE Communications Magazine},
  keywords = {dblp},
  number = 2,
  pages = {114-119},
  timestamp = {2013-02-18T00:00:00.000+0100},
  title = {Improving network management with software defined networking.},
  volume = 51,
  year = 2013
}

@article{McKeown-CCR2008,
  author = {McKeown, Nick and Anderson, Tom and Balakrishnan, Hari and Parulkar, Guru and Peterson, Larry and Rexford, Jennifer and Shenker, Scott and Turner, Jonathan},
  title = {OpenFlow: enabling innovation in campus networks},
  journal = {SIGCOMM Comput. Commun. Rev.},
  issue_date = {April 2008},
  volume = {38},
  number = {2},
  month = mar,
  year = {2008},
  pages = {69--74},
  numpages = {6},
  doi = {10.1145/1355734.1355746},
  acmid = {1355746},
  publisher = {ACM},
  address = {New York, NY, USA},
  keywords = {ethernet switch, flow-based, virtualization},
}

@article{OpenFlow1.0.0,
  title = {The OpenFlow Switch Specification},
  url = {http://OpenFlowSwitch.org},
  note = "\url{http://OpenFlowSwitch.org}",
}

@article{Gude-CCR2008,
  author = {Gude, Natasha and Koponen, Teemu and Pettit, Justin and Pfaff, Ben and Casado, Mart\'{\i}n and McKeown, Nick and Shenker, Scott},
  title = {NOX: towards an operating system for networks},
  journal = {SIGCOMM Comput. Commun. Rev.},
  issue_date = {July 2008},
  volume = {38},
  number = {3},
  month = jul,
  year = {2008},
  pages = {105--110},
  numpages = {6},
  doi = {10.1145/1384609.1384625},
  acmid = {1384625},
  publisher = {ACM},
  address = {New York, NY, USA},
  keywords = {architecture, management, network, security},
}

@inproceedings{Casado-HotSDN2012,
  author = {Casado, Martin and Koponen, Teemu and Shenker, Scott and Tootoonchian, Amin},
  title = {Fabric: a retrospective on evolving SDN},
  booktitle = {Proceedings of the first workshop on Hot topics in software defined networks},
  series = {HotSDN '12},
  year = {2012},
  location = {Helsinki, Finland},
  pages = {85--90},
  numpages = {6},
  doi = {10.1145/2342441.2342459},
  acmid = {2342459},
  publisher = {ACM},
  address = {New York, NY, USA},
  keywords = {network architecture},
}

@inproceedings{Tootoonchian-INM2010,
  author = {Tootoonchian, Amin and Ganjali, Yashar},
  title = {HyperFlow: a distributed control plane for OpenFlow},
  booktitle = {Proceedings of the 2010 internet network management conference on Research on enterprise networking},
  series = {INM/WREN'10},
  year = {2010},
  location = {San Jose, CA},
  pages = {3--3},
  numpages = {1},
  acmid = {1863136},
  publisher = {USENIX Association},
  address = {Berkeley, CA, USA},
}

@inproceedings{HassasYeganeh-HotSDN2012,
  author = {Hassas Yeganeh, Soheil and Ganjali, Yashar},
  title = {Kandoo: a framework for efficient and scalable offloading of control applications},
  booktitle = {Proceedings of the first workshop on Hot topics in software defined networks},
  series = {HotSDN '12},
  year = {2012},
  location = {Helsinki, Finland},
  pages = {19--24},
  numpages = {6},
  doi = {10.1145/2342441.2342446},
  acmid = {2342446},
  publisher = {ACM},
  address = {New York, NY, USA},
  keywords = {data center networks, distributed control plane, software-defined networks},
}

@inproceedings{Lantz-Hotnets2010,
  author = {Lantz, Bob and Heller, Brandon and McKeown, Nick},
  title = {A network in a laptop: rapid prototyping for software-defined networks},
  booktitle = {Proceedings of the 9th ACM SIGCOMM Workshop on Hot Topics in Networks},
  series = {Hotnets-IX},
  year = {2010},
  location = {Monterey, California},
  pages = {19:1--19:6},
  articleno = {19},
  numpages = {6},
  doi = {10.1145/1868447.1868466},
  acmid = {1868466},
  publisher = {ACM},
  address = {New York, NY, USA},
  keywords = {emulation, open-flow, rapid prototyping, software defined networking, virtualization},
}

@inproceedings{Koponen-OSDI2010,
  author = {Koponen, Teemu and Casado, Martin and Gude, Natasha and Stribling, Jeremy and Poutievski, Leon and Zhu, Min and Ramanathan, Rajiv and Iwata, Yuichiro and Inoue, Hiroaki and Hama, Takayuki and Shenker, Scott},
  title = {Onix: a distributed control platform for large-scale production networks},
  booktitle = {Proceedings of the 9th USENIX conference on Operating systems design and implementation},
  series = {OSDI'10},
  year = {2010},
  location = {Vancouver, BC, Canada},
  pages = {1--6},
  numpages = {6},
  acmid = {1924968},
  publisher = {USENIX Association},
  address = {Berkeley, CA, USA},
}

@article{Curtis-CCR2011,
  author = {Curtis, Andrew R. and Mogul, Jeffrey C. and Tourrilhes, Jean and Yalagandula, Praveen and Sharma, Puneet and Banerjee, Sujata},
  title = {DevoFlow: scaling flow management for high-performance networks},
  journal = {SIGCOMM Comput. Commun. Rev.},
  issue_date = {August 2011},
  volume = {41},
  number = {4},
  month = aug,
  year = {2011},
  pages = {254--265},
  numpages = {12},
  doi = {10.1145/2043164.2018466},
  acmid = {2018466},
  publisher = {ACM},
  address = {New York, NY, USA},
  keywords = {data center, flow-based networking, switch design},
}

@inproceedings{Yu-SIGCOMM2010,
  author = {Yu, Minlan and Rexford, Jennifer and Freedman, Michael J. and Wang, Jia},
  title = {Scalable flow-based networking with DIFANE},
  booktitle = {Proceedings of the ACM SIGCOMM 2010 conference},
  series = {SIGCOMM '10},
  year = {2010},
  location = {New Delhi, India},
  pages = {351--362},
  numpages = {12},
  doi = {10.1145/1851182.1851224},
  acmid = {1851224},
  publisher = {ACM},
  address = {New York, NY, USA},
  keywords = {access control, network architecture, openflow, scalability},
}

@inproceedings{Qazi-SIGCOMM2013,
  author = {Qazi, Zafar Ayyub and Tu, Cheng-Chun and Chiang, Luis and Miao, Rui and Sekar, Vyas and Yu, Minlan},
  title = {SIMPLE-fying middlebox policy enforcement using SDN},
  booktitle = {Proceedings of the ACM SIGCOMM 2013 conference on SIGCOMM},
  series = {SIGCOMM '13},
  year = {2013},
  location = {Hong Kong, China},
  pages = {27--38},
  numpages = {12},
  doi = {10.1145/2486001.2486022},
  acmid = {2486022},
  publisher = {ACM},
  address = {New York, NY, USA},
  keywords = {middlebox, network management, software-defined networking},
}

@inproceedings{Seyed-HotSDN2013,
  author = {Seyed, Fayazbakhsh and Vyas, Sekar and Minlan, Yu and Jeff, Mogul},
  title = {FlowTags: Enforcing Network-Wide Policies in the Presence of Dynamic Middlebox Actions},
  booktitle = {Proceedings of the ACM SIGCOMM Workshop on Hot Topics in Software Defined Networking (HotSDN 2013)},
  month = {August},
  year = {2013},
}

@inproceedings{Tavakoli-HotNets2009,
  author = {Tavakoli, Arsalan and Casado, Martin and Koponen, Teemu and Shenker, Scott},
  booktitle = {HotNets},
  publisher = {ACM SIGCOMM},
  title = {Applying NOX to the Datacenter},
  year = 2009,
}

@article{Banikazemi-IEEE13,
  author = {Banikazemi, Mohammad and Olshefski, David and Shaikh, Anees and Tracey, John and Wang, Guohui},
  pages = {120-127},
  title = {Meridian: an SDN platform for cloud network services},
  journal = {IEEE Communications Magazine},  
  volume = 51,
  year = 2013,
}

@inproceedings{Yap-VISA2010,
  author = {Yap, Kok-Kiong and Sherwood, Rob and Kobayashi, Masayoshi and Huang, Te-Yuan and Chan, Michael and Handigol, Nikhil and McKeown, Nick and Parulkar, Guru},
  title = {Blueprint for introducing innovation into wireless mobile networks},
  booktitle = {Proceedings of the second ACM SIGCOMM workshop on Virtualized infrastructure systems and architectures},
  series = {VISA '10},
  year = {2010},
  location = {New Delhi, India},
  pages = {25--32},
  numpages = {8},
  doi = {10.1145/1851399.1851404},
  acmid = {1851404},
  publisher = {ACM},
  address = {New York, NY, USA},
  keywords = {flowvisor, mobile networks, mobility, openflow, software-defined networks, wireless},
}

@article{Yap-CCR2010,
  author = {Yap, Kok-Kiong and Kobayashi, Masayoshi and Sherwood, Rob and Huang, Te-Yuan and Chan, Michael and Handigol, Nikhil and McKeown, Nick},
  title = {OpenRoads: empowering research in mobile networks},
  journal = {SIGCOMM Comput. Commun. Rev.},
  volume = {40},
  number = {1},
  year = {2010},
  pages = {125--126},
  doi = {http://doi.acm.org/10.1145/1672308.1672331},
  publisher = {ACM},
  address = {New York, NY, USA},
}

@article{Li-EWSDN2012,
  author = {Li, Erran Li and Z. Morley, Mao and Jennifer, Rexford},
  title = {Toward Software-Defined Cellular Networks},
  journal ={European Workshop on Software Defined Networking (EWSDN)},
  volume = {0},
  year = {2012},
  pages = {7-12},
  doi = {http://doi.ieeecomputersociety.org/10.1109/EWSDN.2012.28},
  publisher = {IEEE Computer Society},
  address = {Los Alamitos, CA, USA},
}

@inproceedings{Aditya-HotSDN2013,
  author = {Aditya, Gudipati and Daniel, Perry and Li, Erran Li and Sachin, Katti},
  booktitle = {Proceedings of the second ACM SIGCOMM workshop on Hot topics in software defined networking},
  publisher = {ACM SIGCOMM},
  title = {SoftRAN: software defined radio access network},
  year = 2013,
  Pages= {25-30},
}

@inproceedings{Aurojit-HotSDN2013,
  author = {Aurojit, Panda and Colin, Scott and Ali, Ghodsi and Teemu, Koponen and Scott, Shenker},
  title = {CAP for Networks},
  booktitle = {Proceedings of the ACM SIGCOMM Workshop on Hot Topics in Software Defined Networking (HotSDN 2013)},
  month = {August},
  year = {2013},
}

@inproceedings{Yu-PAM2013,
  author = {Yu, Curtis and Lumezanu, Cristian and Zhang, Yueping and Singh, Vishal and Jiang, Guofei and Madhyastha, Harsha V.},
  title = {FlowSense: monitoring network utilization with zero measurement cost},
  booktitle = {Proceedings of the 14th international conference on Passive and Active Measurement},
  series = {PAM'13},
  year = {2013},
  location = {Hong Kong, China},
  pages = {31--41},
  numpages = {11},
  doi = {10.1007/978-3-642-36516-4_4},
  acmid = {2482367},
  publisher = {Springer-Verlag},
  address = {Berlin, Heidelberg},
}

@inproceedings{Yu-NSDI2013,
  author = {Yu, Minlan and Jose, Lavanya and Miao, Rui},
  title = {Software defined traffic measurement with OpenSketch},
  booktitle = {Proceedings of the 10th USENIX conference on Networked Systems Design and Implementation},
  series = {nsdi'13},
  year = {2013},
  location = {Lombard, IL},
  pages = {29--42},
  numpages = {14},
  acmid = {2482631},
  publisher = {USENIX Association},
  address = {Berkeley, CA, USA},
}

@inproceedings{Sushant-SIGCOMM2013,
  author = {Sushant, Jain and Alok, Kumar and Subhasree, Mandal and Joon, Ong and Leon, Poutievski and Arjun, Singh and Subbaiah, Venkata and Jim, Wanderer and Junlan, Zhou and Min, Zhu and Jon, Zolla and Urs, Hölzle and Stephen, Stuart and Amin, Vahdat},
  title = {B4: experience with a globally-deployed software defined wan},
  booktitle = {ACM SIGCOMM 2013 Conference, SIGCOMM'13, Hong Kong, China, August 12-16, 2013},
  publisher = {ACM},
  year = {2013},
  pages = {3-14},
}

